@mastersthesis{gylterud,
  title={Symmetric Containers},
  author={Gylterud, H{\aa}kon Robbestad},
  year={2011}
}

@article{containers,
  title={Containers: Constructing strictly positive types},
  author={Abbott, Michael and Altenkirch, Thorsten and Ghani, Neil},
  journal={Theoretical Computer Science},
  volume={342},
  number={1},
  pages={3--27},
  year={2005},
  publisher={Elsevier}
}

@inproceedings{altenkirch2018quotient,
  title={Quotient inductive-inductive types},
  author={Altenkirch, Thorsten and Capriotti, Paolo and Dijkstra, Gabe and Kraus, Nicolai and Nordvall Forsberg, Fredrik},
  booktitle={International Conference on Foundations of Software Science and Computation Structures},
  pages={293--310},
  year={2018},
  organization={Springer International Publishing Cham}
}
@article{fiore2022quotients,
  title={Quotients, inductive types, and quotient inductive types},
  author={Fiore, Marcelo P and Pitts, Andrew M and Steenkamp, SC},
  journal={Logical Methods in Computer Science},
  volume={18},
  year={2022},
  publisher={Episciences. org}
}
@article{kaposi2019constructing,
  title={Constructing quotient inductive-inductive types},
  author={Kaposi, Ambrus and Kov{\'a}cs, Andr{\'a}s and Altenkirch, Thorsten},
  journal={Proceedings of the ACM on Programming Languages},
  volume={3},
  number={POPL},
  pages={1--24},
  year={2019},
  publisher={ACM New York, NY, USA}
}

@INPROCEEDINGS{altenkirch2021container,
    title = {A container model of type theory},
    author = {Thorsten Altenkirch and Ambrus Kaposi},
    year = {2021},
    booktitle = {27th International Conference on Types for Proofs and Programs, TYPES 2021},
    editor = {Henning Basold},
    publisher = {Universiteit Leiden},
    comment = {Abstract},
    url = {https://types21.liacs.nl/download/a-container-model-of-type-theory/}
}

@inproceedings{altenkirch2010higher,
  title={Higher-order containers},
  author={Altenkirch, Thorsten and Levy, Paul and Staton, Sam},
  booktitle={Programs, Proofs, Processes: 6th Conference on Computability in Europe, CiE 2010, Ponta Delgada, Azores, Portugal, June 30--July 4, 2010. Proceedings 6},
  pages={11--20},
  year={2010},
  organization={Springer}
}
@misc{damato:cont-coh,
  author = "Stefania Damato and Thorsten Altenkirch",
  title = "{Coherences for the Container Model of Type Theory}",
  year = 2024,
  note = "Talk abstract at HoTT/UF 2024, available at \url{https://stefaniatadama.com/talks/abstract_hott_uf_2024.pdf}"
}

@misc{thorstenHoTTUF,
  author = "Thorsten Altenkirch",
  title = "{Quotient inductive types as categorified containers}",
  year = 2024,
  note = "Talk abstract at HoTT/UF 2024, available at \url{https://hott-uf.github.io/2024/abstracts/HoTTUF_2024_paper_10.pdf}"
}



